@manual{tensorflow_word2vec_tutorial,
  title  = {Word2Vec Tutorial},
  author = {{TensorFlow}},
  year   = {2023},
  url    = {https://www.tensorflow.org/text/tutorials/word2vec},
  note   = {Accessed: 2024-12-25}
}

@inproceedings{word2vec_original_paper,
  title     = {Distributed Representations of Words and Phrases and their Compositionality},
  author    = {Mikolov, Tomas and Sutskever, Ilya and Chen, Kai and Corrado, Greg and Dean, Jeffrey},
  booktitle = {Advances in Neural Information Processing Systems},
  year      = {2013},
  volume    = {26},
  url       = {https://proceedings.neurips.cc/paper/2013/file/9aa42b31882ec039965f3c4923ce901b-Paper.pdf}
}

@manual{cs224n_notes_wordvecs,
  title  = {CS224N: Natural Language Processing with Deep Learning},
  author = {Chaubard, Francois and Fang, Michael and Genthial, Guillaume and Mundra, Rohit and Socher, Richard},
  year   = {2019},
  url    = {https://github.com/maxim5/cs224n-2019-winter/blob/main/readings/cs224n-2019-notes01-wordvecs1.pdf},
  note   = {Accessed: 2024-12-25}
}